@article{schallermoore,
  title={Moore's law: past, present and future},
  author={Schaller, Robert R},
  journal={IEEE spectrum},
  volume={34},
  number={6},
  pages={52--59},
  year=1997,
  publisher={IEEE}
}

@article{highleveldataraces,
  title={High-level data races},
  author={Artho, Cyrille and Havelund, Klaus and Biere, Armin},
  journal={Software Testing, Verification and Reliability},
  volume={13},
  number={4},
  pages={207--227},
  year={2003},
  publisher={Wiley Online Library}
}

@article{eraser,
 author = {Savage, Stefan and Burrows, Michael and Nelson, Greg and Sobalvarro, Patrick and Anderson, Thomas},
 title = {Eraser: A Dynamic Data Race Detector for Multi-threaded Programs},
 journal = {SIGOPS Oper. Syst. Rev.},
 issue_date = {Dec. 1997},
 volume = {31},
 number = {5},
 month = oct,
 year = {1997},
 issn = {0163-5980},
 pages = {27--37},
 numpages = {11},
 url = {http://doi.acm.org/10.1145/269005.266641},
 doi = {10.1145/269005.266641},
 acmid = {266641},
 publisher = {ACM},
 address = {New York, NY, USA},
} 

@book{cponwindows,
 author = {Duffy, Joe},
 title = {Concurrent Programming on Windows},
 year = {2008},
 isbn = {032143482X, 9780321434821},
 edition = {1st},
 publisher = {Addison-Wesley Professional},
} 

@misc{contention,
  title={Memory Constraints on Thread Performance},
  author={Andrew Binstock},
  year={2011},
  howpublished = {\url{http://www.drdobbs.com/tools/memory-constraints-on-thread-performance/231300494}},
  note = {Accessed: 10/11/2016},
}

@inproceedings{benigndataraces,
 author = {Boehm, Hans-J.},
 title = {How to Miscompile Programs with ``Benign" Data Races},
 booktitle = {Proceedings of the 3rd USENIX Conference on Hot Topic in Parallelism},
 series = {HotPar'11},
 year = {2011},
 location = {Berkeley, CA},
 pages = {3--3},
 numpages = {1},
 url = {http://dl.acm.org/citation.cfm?id=2001252.2001255},
 acmid = {2001255},
 publisher = {USENIX Association},
 address = {Berkeley, CA, USA},
} 


@inproceedings{Amdahl,
 author = {Amdahl, Gene M.},
 title = {Validity of the Single Processor Approach to Achieving Large Scale Computing Capabilities},
 booktitle = {Proceedings of the April 18-20, 1967, Spring Joint Computer Conference},
 series = {AFIPS '67 (Spring)},
 year = {1967},
 location = {Atlantic City, New Jersey},
 pages = {483--485},
 numpages = {3},
 url = {http://doi.acm.org/10.1145/1465482.1465560},
 doi = {10.1145/1465482.1465560},
 acmid = {1465560},
 publisher = {ACM},
 address = {New York, NY, USA},
} 

@Inbook{springer,
author="Gustafson, John L.",
editor="Padua, David",
title="Amdahl's Law",
bookTitle="Encyclopedia of Parallel Computing",
year="2011",
publisher="Springer US",
address="Boston, MA",
pages="53--60",
isbn="978-0-387-09766-4",
doi="10.1007/978-0-387-09766-4_77",
url="http://dx.doi.org/10.1007/978-0-387-09766-4_77"
}

@article{speedup,
  title={Speedup versus efficiency in parallel systems},
  author={Eager, Derek L and Zahorjan, John and Lazowska, Edward D},
  journal={IEEE Transactions on Computers},
  volume={38},
  number={3},
  pages={408--423},
  year={1989},
  publisher={IEEE}
}

@article{reevaluating,
  title={Reevaluating amdahl’s law and gustafson’s law},
  author={Shi, Yuan},
  journal={Computer Sciences Department, Temple University (MS: 38-24)},
  year={1996}
}

